@ARTICLE{Roman+15,
       author = {{Rom{\'a}n-Z{\'u}{\~n}iga}, Carlos G. and {Ybarra}, Jason E. and {Meg{\'\i}as}, Guillermo D. and {Tapia}, Mauricio and {Lada}, Elizabeth A. and {Alves}, Jo{\'a}o F.},
        title = "{Star Formation Across the W3 Complex}",
      journal = {\aj},
     keywords = {infrared: stars, radio lines: ISM, stars: formation, stars: luminosity function, mass function, stars: pre-main sequence, X-rays: stars, Astrophysics - Solar and Stellar Astrophysics, Astrophysics - Astrophysics of Galaxies},
         year = 2015,
        month = sep,
       volume = {150},
       number = {3},
          eid = {80},
        pages = {80},
          doi = {10.1088/0004-6256/150/3/80},
archivePrefix = {arXiv},
       eprint = {1507.00016},
 primaryClass = {astro-ph.SR},
       adsurl = {https://ui.adsabs.harvard.edu/abs/2015AJ....150...80R},
      adsnote = {Provided by the SAO/NASA Astrophysics Data System}
}

@ARTICLE{BarMen17,
       author = {{Barrientos}, E. and {Mendoza}, S.},
        title = "{MOND as the weak field limit of an extended metric theory of gravity with torsion}",
      journal = {European Physical Journal Plus},
     keywords = {General Relativity and Quantum Cosmology},
         year = 2017,
        month = aug,
       volume = {132},
       number = {8},
          eid = {361},
        pages = {361},
          doi = {10.1140/epjp/i2017-11642-2},
archivePrefix = {arXiv},
       eprint = {1612.07970},
 primaryClass = {gr-qc},
       adsurl = {https://ui.adsabs.harvard.edu/abs/2017EPJP..132..361B},
      adsnote = {Provided by the SAO/NASA Astrophysics Data System}
}


@misc{projects-2023,
	author = {{Wikimedia projects Contributors} ~},
	month = {12},
	title = {{LaTeX/Tables}},
	year = {2023},
	url = {https://en.wikibooks.org/wiki/LaTeX/Tables},
}

@misc{PFGPlots,
        author = {{Feuers√§nger}, C.},
	title = {{PGFPlots - A LaTeX package to create plots.}},
        year = {2012},
	url = {https://pgfplots.sourceforge.net/},
}

@article{Canto74,
       author = {{Canto}, J. and {Daltabuit}, E.},
        title = "{Empirical Computation of Collisional Ionization Rates of Atoms and Ions by Electrons}",
      journal = {\rmxaa},
         year = 1974,
        month = apr,
       volume = {1},
        pages = {5},
       adsurl = {https://ui.adsabs.harvard.edu/abs/1974RMxAA...1....5C},
      adsnote = {Provided by the SAO/NASA Astrophysics Data System}
}
@BOOK{1987flme.book.....L,
       author = {{Landau}, L.~D. and {Lifshitz}, E.~M.},
        title = "{Fluid Mechanics}",
        publisher={{Pregamon Press}},
         year = 1987,
       adsurl = {https://ui.adsabs.harvard.edu/abs/1987flme.book.....L},
      adsnote = {Provided by the SAO/NASA Astrophysics Data System}
}

@ARTICLE{Roman23,
       author = {{Rom{\'a}n-Z{\'u}{\~n}iga}, Carlos G. and {Kounkel}, Marina and {Hern{\'a}ndez}, Jes{\'u}s and {Pe{\~n}a Ram{\'\i}rez}, Karla and {L{\'o}pez-Valdivia}, Ricardo and {Covey}, Kevin R. and {Stutz}, Amelia M. and {Roman-Lopes}, Alexandre and {Campbell}, Hunter and {Khilfeh}, Elliott and {Tapia}, Mauricio and {Stringfellow}, Guy S. and {Downes}, Juan Jos{\'e} and {Stassun}, Keivan G. and {Minniti}, Dante and {Bayo}, Amelia and {Kim}, Jinyoung Serena and {Su{\'a}rez}, Genaro and {Ybarra}, Jason E. and {Fern{\'a}ndez-Trincado}, Jos{\'e} G. and {Longa-Pe{\~n}a}, Pen{\'e}lope and {Ram{\'\i}rez-Preciado}, Valeria and {Serna}, Javier and {Lane}, Richard R. and {Garc{\'\i}a-Hern{\'a}ndez}, D.~A. and {Beaton}, Rachael L. and {Bizyaev}, Dmitry and {Pan}, Kaike},
        title = "{Stellar Properties for a Comprehensive Collection of Star-forming Regions in the SDSS APOGEE-2 Survey}",
        journal = {\aj},
        keywords = {Young star clusters, Pre-main sequence stars, Star forming regions, Fundamental parameters of stars, Near infrared astronomy, 1833, 1290, 1565, 555, 1093, Astrophysics - Astrophysics of Galaxies, Astrophysics - Solar and Stellar Astrophysics},
         year = 2023,
        month = feb,
       volume = {165},
       number = {2},
          eid = {51},
        pages = {51},
          doi = {10.3847/1538-3881/aca3a4},
        archivePrefix = {arXiv},
       eprint = {2211.09217},
        primaryClass = {astro-ph.GA},
       adsurl = {https://ui.adsabs.harvard.edu/abs/2023AJ....165...51R},
      adsnote = {Provided by the SAO/NASA Astrophysics Data System}
}